@book{Karatzas1991, 
	author = {Ioannis Karatzas and Steven E. Shreve}, 
	title = {Brownian motion and stochastic valculus}, 
	volume = {113}, 
	series = {Graduate Texts in Mathematics}, 
	publisher = {Springer-Verlag New York}, 
	edition = {2nd}, 
	year = {1991}
}

@book{Kuo1975, 
	author = {Hui-Hsiung Kuo}, 
	title = {Gaussian measures in {B}anach spaces}, 
	volume = {463}, 
	series = {Lecture Notes in Mathematics}, 
	publisher = {Springer-Verlag Heidelberg}, 
	year = {1975}
}

@book{Rasmussen2006, 
	author = {Carl Edward Rasmussen and Christopher K. I. Williams}, 
	title = {Gaussian processes for machine learning}, 
	publisher = {The MIT Press}, 
	year = {2006}
}

@article{Higdon1999, 
	author = {Dave Higdon and Jenise Swall and J. Kern}, 
	title = {Non-stationary spatial modeling}, 
	journal = {Bayesian Statistics},
	volume = {6}, 
	number = {1}, 
	pages = {761--768}, 
	year = {1999}
}

@book{Monin1971, 
	author = {Andrei S. Monin and Akiva M. Yaglom}, 
	title = {Statistical fluid methanics, Volumes I and II}, 
	publisher = {The MIT Press}, 
	year = {1971}
}

@article{Zhao2020SSDGP,
	title={Deep State-space {G}aussian Processes},
	author={Zheng Zhao and Muhammad Emzir and Simo S{\"a}rkk{\"a}},
	journal={Statistics and Computing},
	volume={31},
	number={6},
	pages={75},
	year={2021}
}

@inproceedings{Paciorek2004,
	title={Nonstationary covariance functions for {G}aussian process regression},
	author={Paciorek, Christopher J. and Schervish, Mark J.},
	booktitle = {Advances in Neural Information Processing Systems 16},
	pages={273--280},
	publisher = {MIT Press},
	year={2004}
}

@book{Golub2013, 
	author = {Gene H. Golub and Charles F. van Loan}, 
	title = {Matrix computations}, 
	publisher = {The Johns Hopkins University Press}, 
	edition = {4th},
	year = {2013}
}

@article{Coakley2013,
	title={A fast divide-and-conquer algorithm for computing the spectra of real symmetric tridiagonal matrices},
	author={Ed S. Coakley and Valdimir Rokhlin},
	journal={Applied and Computational Harmonic Analysis},
	volume={34},
	number={3},
	pages={379--414},
	year={2013}
}

@book{Lord2014, 
	series={Cambridge Texts in Applied Mathematics}, 
	volume={50},
	title={An introduction to computational stochastic PDEs},
	publisher={Cambridge University Press}, 
	author={Lord, Gabriel J. and Powell, Catherine E. and Shardlow, Tony}, 
	year={2014}
}

@article{Chan1997, 
	author = {Grace Chan and Andrew T. A. Wood}, 
	title = {Algorithm {AS} 312: An Algorithm for Simulating Stationary {G}aussian Random Fields}, 
	journal = {Journal of the Royal Statistical Society. Series C (Applied Statistics)},
	volume = {46}, 
	number = {1}, 
	pages = {171--181}, 
	year = {1997}
}

@article{Wood1994, 
	author = {Andrew T. A. Wood and Grace Chan}, 
	title = {Simulation of Stationary {G}aussian Processes in $[0, 1]^d$}, 
	journal = {Journal of Computational and Graphical Statistics},
	volume = {3}, 
	number = {4}, 
	pages = {409--432}, 
	year = {1994}
}

@article{Schon2011, 
	author = {Thomas B. Sch\"{o}n and Fredrik Lindsten}, 
	title = {Manipulating the Multivariate {G}aussian Density}, 
	journal = {Lecture note},
	year = {2011}
}

@book{Nocedal2006, 
	author = {Jorge Nocedal and Stephen J. Wright}, 
	title = {Numerical optimization}, 
	publisher = {Springer-Verlag New York}, 
	edition = {2nd},
	year = {2006}
}

@book{Rue2005, 
	author = {H{\aa}vard Rue and Leonhard Held}, 
	title = {Gaussian {M}arkov random fields: theory and applications}, 
	series = {Monographs on Statistics and Applied Probability}, 
	volumn = {104}, 
	publisher = {Chapman \& Hall/CRC}, 
	year = {2005}
}

@book{Sarkka2019, 
	series = {Institute of Mathematical Statistics Textbooks}, 
	volume = {10},
	title = {Applied stochastic differential equations},
	publisher = {Cambridge University Press}, 
	author = {S\"{a}rkk\"{a}, Simo and Solin, Arno}, 
	year={2019}, 
}

@article{Corenflos2021SSGP,
	title={Gaussian Process Regression in Logarithmic Time},
	author={Corenflos, Adrien and Zhao, Zheng and S{\"a}rkk{\"a}, Simo},
	journal={arXiv preprint arXiv:2102.09964},
	year={2021}
}

@phdthesis{Zhao2021Thesis,
	title = {State-space deep Gaussian processes with applications},
	author = {Zheng Zhao},
	school = {Aalto University},
	year = {2021},
	url = {https://github.com/zgbkdlm/dissertation}
}

@article{Lindgren2011,
	author = {Lindgren, Finn and Rue, H{\aa}vard and Lindstr\"{o}m, Johan},
	title = {An explicit link between {G}aussian fields and {G}aussian {M}arkov random fields: the stochastic partial differential equation approach},
	journal = {Journal of the Royal Statistical Society: Series B (Statistical Methodology)},
	volume = {73},
	number = {4},
	pages = {423--498},
	year = {2011}
}

@book{Stein1999, 
	author = {Michael L. Stein}, 
	title = {Interpolation of spatial data}, 
	publisher = {Springer}, 
	series = {Springer Series in Statistics}, 
	year = {1999}
}
